<?xml version="1.0" encoding="UTF-8"?><record xmlns="http://www.loc.gov/MARC21/slim" xmlns:cinclude="http://apache.org/cocoon/include/1.0" xmlns:zs="http://www.loc.gov/zing/srw/">
  <leader>00346nz  a2200121n  4500</leader>
  <controlfield tag="001">n  93006146 </controlfield>
  <controlfield tag="003">DLC</controlfield>
  <controlfield tag="005">19930125123627.9</controlfield>
  <controlfield tag="008">930125n| acannaab|          |n aac |||  </controlfield>
  <datafield tag="010" ind1=" " ind2=" ">
    <subfield code="a">n  93006146 </subfield>
  </datafield>
  <datafield tag="040" ind1=" " ind2=" ">
    <subfield code="a">DLC</subfield>
    <subfield code="c">DLC</subfield>
  </datafield>
  <datafield tag="100" ind1="0" ind2="0">
    <subfield code="a">Hartojo</subfield>
  </datafield>
  <datafield tag="670" ind1=" " ind2=" ">
    <subfield code="a">nuc93-291: Hadisoesilo, S. Pohon murbei (Morus macroura linn) ... 1980</subfield>
    <subfield code="b">(usage on DNAL rept.: Hartojo)</subfield>
  </datafield>
</record>